<?xml version="1.0" encoding="UTF-8"?><collection xmlns="http://www.loc.gov/MARC21/slim"><record><leader>00662nam--2200181-i-4500</leader><controlfield tag="001">000041758</controlfield><controlfield tag="002">20161230</controlfield><controlfield tag="005">20161230201043</controlfield><controlfield tag="008">060222s1000------------r-----000-0-rum-d</controlfield><datafield ind1=" " ind2=" " tag="040"><subfield code="a">IFIN-HH</subfield></datafield><datafield ind1=" " ind2=" " tag="041"><subfield code="a">rum</subfield></datafield><datafield ind1=" " ind2=" " tag="080"><subfield code="a">53.08</subfield></datafield><datafield ind1="1" ind2=" " tag="110"><subfield code="a">Bureau International Des Poids Et Mesures</subfield></datafield><datafield ind1="1" ind2="0" tag="245"><subfield code="a">Sistemul international de unitati(si). traducere din limba franceza dupa editia a treia a lucrarii eleborate de biroul international de masuri si greutati. prefata la editia in limba romana: gh. ispasoiu, d.i. marchidan</subfield></datafield><datafield ind1=" " ind2=" " tag="260"><subfield code="a">Bucuresti</subfield><subfield code="b">Editura Didactica Si Pedagogica</subfield><subfield code="c">1979</subfield></datafield><datafield ind1=" " ind2=" " tag="300"><subfield code="a">42 P</subfield></datafield><datafield ind1=" " ind2=" " tag="852"><subfield code="a">46604</subfield><subfield code="c">53.08</subfield></datafield><datafield ind1=" " ind2=" " tag="CAT"><subfield code="a">Sys</subfield><subfield code="c">20151029</subfield><subfield code="h">120846</subfield></datafield></record></collection>